{1:F01ASNBNL21XXXX0000000000}{2:O940ASNBNL21XXXXN}{3:}{4:
:20:3996-11-11111111
:25:DABADKKK/111111-11111111
:28C:00001/001
:60F:C090924EUR54484,04
:61:0909250925DR583,92NMSC1110030403010139//1234
:86:11100304030101391234
:86:Fees according to advice
:62F:C090930EUR53126,94
:64:C090930EUR53189,31
-}{5:}