{1:F01ASNBNL21XXXX0000000000}{2:O940ASNBNL21XXXXN}{3:{103:CAD}{113:xxxx}{119:STP}{108:2RDRQDHM3WO}{423:18071715301204}{111:DER}{106:120811BANKBEBBAXXX2222123456}{424:PQAB1234}{121:180f1e65-90e0-44d5-a49a-92b55eb3025f}{165:DERASDFQWERTY}{115: 121413 121413 DE BANKDECDA123}{433:/AOK/asdasd}{434:/FPO}}{4:
:20:3996-11-11111111
:25:DABADKKK/111111-11111111
:28C:00001/001
:60F:C090924EUR54484,04
:61:0910010930CR0,23FINTInterest
:86:For your inform. IBAN no.: FI1111111111111111
:86:DABADKKK                                                 
:86:111111-11111111
:86:DANSKE BANK                        HOLMENS KANAL 2-12
:61:0909250925DR583,92NMSC1110030403010139//1234
:86:11100304030101391234
Beneficiary name
Beneficiary name
:61:0909300930DR390,40NMSC0000000000754003//1234
:86:00000000007540031234
Beneficiary name
Beneficiary name
:61:0909300930DR265,41NMSC0000101603533361//1234
:86:00001016035333611234
Beneficiary name
Beneficiary name
:61:0910010930DR62,60NCHGFees according//to advice
:86:Fees according to advice
:61:0909290929DR55,00NMSC0000000000000269NONREFHOLMENSKANAL
:86:00000000000002691234
Beneficiary name
Beneficiary name
:62F:C090930EUR53126,94
:64:C090930EUR53189,31
-}{5:{CHK:C77F8E009597}}